<record><leader>00000cas a2200000 a 4500</leader><controlfield tag="001">25687145</controlfield><controlfield tag="008">920421d187919uuiluwr ne      0   a0eng c</controlfield><datafield ind1=" " ind2=" " tag="010"><subfield code="a">sn 92053235 </subfield></datafield><datafield ind1=" " ind2=" " tag="040"><subfield code="a">NVF</subfield><subfield code="b">eng</subfield><subfield code="c">NVF</subfield><subfield code="d">CVF</subfield><subfield code="d">OCLCQ</subfield><subfield code="d">CVF</subfield><subfield code="d">NVF</subfield><subfield code="d">OCLCQ</subfield><subfield code="d">OCLCF</subfield><subfield code="d">NVF</subfield><subfield code="d">OCLCO</subfield></datafield><datafield ind1="1" ind2=" " tag="029"><subfield code="a">AU@</subfield><subfield code="b">000028577130</subfield></datafield><datafield ind1=" " ind2=" " tag="042"><subfield code="a">pcc</subfield></datafield><datafield ind1=" " ind2=" " tag="043"><subfield code="a">n-us-il</subfield></datafield><datafield ind1="0" ind2="4" tag="245"><subfield code="a">The Marseilles plaindealer.</subfield></datafield><datafield ind1="1" ind2=" " tag="246"><subfield code="i">Published as:</subfield><subfield code="a">Weekly plaindealer</subfield><subfield code="f">July 20, 1894-Jan. 4, 1895</subfield></datafield><datafield ind1="1" ind2=" " tag="246"><subfield code="i">Published as:</subfield><subfield code="a">Plaindealer</subfield><subfield code="f">Oct. 21-&lt;Nov. 4, 1892&gt; and July 13, 1894</subfield></datafield><datafield ind1="3" ind2=" " tag="246"><subfield code="a">Marseilles plain dealer</subfield></datafield><datafield ind1="3" ind2=" " tag="246"><subfield code="a">Weekly plain dealer</subfield></datafield><datafield ind1="1" ind2=" " tag="246"><subfield code="a">Plain dealer</subfield></datafield><datafield ind1=" " ind2=" " tag="260"><subfield code="a">Marseilles, Ill. :</subfield><subfield code="b">Terry Simmons,</subfield><subfield code="c">1879-[19--?]</subfield></datafield><datafield ind1=" " ind2=" " tag="300"><subfield code="a">v.</subfield></datafield><datafield ind1=" " ind2=" " tag="310"><subfield code="a">Weekly,</subfield><subfield code="b">Feb. 6, 1885-&lt;Sept. 13, 1918&gt;</subfield></datafield><datafield ind1=" " ind2=" " tag="321"><subfield code="a">Semimonthly,</subfield><subfield code="b">Nov. 1, 1879-June 15, 1883</subfield></datafield><datafield ind1=" " ind2=" " tag="321"><subfield code="a">Biweekly,</subfield><subfield code="b">June 29, 1883-Jan. 23, 1885</subfield></datafield><datafield ind1="0" ind2=" " tag="362"><subfield code="a">Vol. 3, no. 11 (Nov. 11, 1879)-</subfield></datafield><datafield ind1=" " ind2=" " tag="588"><subfield code="a">Latest issue consulted: Sept. 13, 1918.</subfield></datafield><datafield ind1=" " ind2="0" tag="651"><subfield code="a">Marseilles (Ill.)</subfield><subfield code="v">Newspapers.</subfield></datafield><datafield ind1=" " ind2="7" tag="651"><subfield code="a">Illinois</subfield><subfield code="z">Marseilles.</subfield><subfield code="2">fast</subfield><subfield code="0">(OCoLC)fst01217745</subfield></datafield><datafield ind1=" " ind2="7" tag="655"><subfield code="a">Newspapers.</subfield><subfield code="2">fast</subfield><subfield code="0">(OCoLC)fst01423814</subfield></datafield><datafield ind1=" " ind2=" " tag="752"><subfield code="a">United States</subfield><subfield code="b">Illinois</subfield><subfield code="c">La Salle</subfield><subfield code="d">Marseilles.</subfield></datafield><datafield ind1="0" ind2="0" tag="780"><subfield code="t">Plain-dealer (Marseilles, Ill.)</subfield><subfield code="w">(DLC)sn 92053234</subfield><subfield code="w">(OCoLC)25687099</subfield></datafield></record>